@MISC{needed,
 key = 0,
 title = {Reference Needed},
}

# current research

### hawkeye
@misc{hawkeye,
 key = {hawkeye},
 title = {Hawkeye},
 howpublished = {\url{http://www.cs.wisc.edu/condor/hawkeye/}},
}

### camp
@inproceedings{gabel2007,
 author = {Gabel, Mark and Haungs, Michael},
 title = {{CAMP}: a common {API} for measuring performance},
 booktitle = {LISA'07: Proceedings of the 21st conference on Large Installation System Administration Conference},
 year = {2007},
 isbn = {978-1-59327-152-7},
 pages = {1--14},
 location = {Dallas},
 publisher = {USENIX Association},
 address = {Berkeley, CA, USA},
}

### sflow
@misc{host-sflow,
 key = {host-sflow},
 title = {About {Host sFlow}: Data Center Wide Server Performance Monitoring},
 howpublished = {\url{http://host-sflow.sourceforge.net/about.php}}
}

@misc{sflow,
 key = {sflow},
 title = {Traffic Monitoring using {sFlow}},
 howpublished = {\url{http://www.sflow.org/sFlowOverview.pdf}}
}

### ganglia
# http://ganglia.info/papers/science.pdf
@article{ganglia,
 author = {Matthew L. Massie and Brent N. Chun and David E. Culler},
 title = {The Ganglia Distributed Monitoring System: Design, Implementation And Experience},
 journal = {Parallel Computing},
 year = {2003},
 volume = {30},
 pages = {817--840}
}

### python
@misc{py-threads,
 key = {python-threads},
 title = {Python 3: Global Interpreter Lock},
 howpublished = {\url{https://docs.python.org/3/glossary.html#term-global-interpreter-lock}}
}

@misc{py-nvidia,
 key = {python-nvidia},
 title = {Python Bindings for the {NVIDIA Management Library}},
 howpublished = {\url{https://pypi.python.org/pypi/nvidia-ml-py/}}
}

@misc{nvidiaML,
 key = {nvidia},
 title = {{NVIDIA Management Library}},
 howpublished = {\url{https://developer.nvidia.com/nvidia-management-library-nvml}}
}

@misc{pyrex,
 key = {pyrex},
 title = {Pyrex --- a Language for Writing Python Extension Modules},
 howpublished = {\url{http://www.cosc.canterbury.ac.nz/greg.ewing/python/Pyrex/}}
}

@misc{cython,
 key = {cython},
 title = {Cython: C-Extensions for Python},
 howpublished = {\url{http://www.cython.org}}
}

### jmeter
@misc{jmeter,
 key = {jmeter},
 title = {{Apache JMeter}},
 howpublished = {\url{http://jmeter.apache.org}}
}

### zeromq

@misc{chp,
 author = {Pieter Hintjens},
 title = {Clustered Hashmap Protocol},
 howpublished = {\url{http://rfc.zeromq.org/spec:12/CHP}},
 month = {April},
 year = {2011}
}

@book{zguide,
 author = {Pieter Hintjens},
 title = {Code Connected Volume 1, Learning {ZeroMQ}},
 note = {\url{http://zguide.zeromq.org}},
 publisher = {CreateSpace Independent Publishing Platform},
 month = {January},
 year = {2013}
}

@misc{zmq-socket,
 author = {Martin Sustrik and Martin Lucina and Pieter Hintjens},
 title = {\texttt{zmq\_socket} --- create {{\O MQ}} socket},
 howpublished = {\url{http://api.zeromq.org/3-2:zmq-socket}},
 year = {2012}
}

@misc{tornado,
 key = {tornado},
 title = {Tornado},
 howpublished = {\url{http://www.tornadoweb.org}},
}

@misc{ioloop,
 key = {tornado-ioloop},
 title = {\texttt{tornado.ioloop} --- Main event loop},
 howpublished = {\url{http://www.tornadoweb.org/en/stable/ioloop.html}},
}

@misc{gevent,
 key = {gevent},
 title = {gevent: A coroutine-based network library for Python},
 howpublished = {\url{http://www.gevent.org}},
}

@misc{libev,
 key = {gevent-libev},
 title = {libev: A full-featured and high-performance event loop},
 howpublished = {\url{http://libev.schmorp.de}},
}

# survey-esque articles, i.e., related work

@MISC{allan2001,
    author = {R.J. Allan and M. Ashworth},
    title = {A Survey of Distributed Computing, Computational Grid, Meta-computing and Network Information Tools},
    year = {2001},
    publisher = {UKHEC Collaboration}
}

@ARTICLE{hofmann1994,
    author = {R. Hofmann and R. Klar and B. Mohr and A. Quick and M. Siegle},
    title = {Distributed Performance Monitoring: Methods, Tools and Applications},
    journal = {IEEE Transactions on Parallel and Distributed Systems},
    year = {1994},
    volume = {5},
    pages = {585--597}
}

@INPROCEEDINGS{zoraja1999,
    author = {Ivan Zoraja and G Unther Rackl and Thomas Ludwig},
    title = {Towards monitoring in parallel and distributed environments},
    booktitle = {University of Split},
    year = {1999},
    pages = {133--141}
}

@article{zanikolas2005,
 author = {Zanikolas,, Serafeim and Sakellariou,, Rizos},
 title = {A taxonomy of grid monitoring systems},
 journal = {Future Gener. Comput. Syst.},
 volume = {21},
 number = {1},
 year = {2005},
 issn = {0167-739X},
 pages = {163--188},
 doi = {http://dx.doi.org/10.1016/j.future.2004.07.002},
 publisher = {Elsevier Science Publishers B. V.},
 address = {Amsterdam, The Netherlands, The Netherlands},
}

### chaosmon
@inproceedings{kilpatrick1991,
 author = {Kilpatrick,, Carol and Schwan,, Karsten},
 title = {ChaosMON---application-specific monitoring and display of performance information for parallel and distributed systems},
 booktitle = {PADD '91: Proceedings of the 1991 ACM/ONR workshop on Parallel and distributed debugging},
 year = {1991},
 isbn = {0-89791-457-0},
 pages = {57--67},
 location = {Santa Cruz, California, United States},
 doi = {http://doi.acm.org/10.1145/122759.122764},
 publisher = {ACM},
 address = {New York, NY, USA},
}

### scalea-g
@article{truong2004,
 author = {Hong-Linh Truong and Thomas Fahringer},
 title = {SCALEA-G: A unified monitoring and performance analysis system for the grid},
 journal = {Sci. Program.},
 volume = {12},
 number = {4},
 year = {2004},
 issn = {1058-9244},
 pages = {225--237},
 publisher = {IOS Press},
 address = {Amsterdam, The Netherlands, The Netherlands},
}
@article{foster2002,
 author = {Foster,, Ian and Kesselman,, Carl and Nick,, Jeffrey M. and Tuecke,, Steven},
 title = {Grid Services for Distributed System Integration},
 journal = {Computer},
 volume = {35},
 number = {6},
 year = {2002},
 issn = {0018-9162},
 pages = {37--46},
 doi = {http://dx.doi.org/10.1109/MC.2002.1009167},
 publisher = {IEEE Computer Society Press},
 address = {Los Alamitos, CA, USA},
}

### impusle
@inproceedings{bridges2004,
 author = {Bridges,, Patrick G. and MacCabe,, Arthur B.},
 title = {IMPuLSE: integrated monitoring and profiling for large-scale environments},
 booktitle = {LCR '04: Proceedings of the 7th workshop on Workshop on languages, compilers, and run-time support for scalable systems},
 year = {2004},
 pages = {1--5},
 location = {Houston, Texas},
 doi = {http://doi.acm.org/10.1145/1066650.1066652},
 publisher = {ACM},
 address = {New York, NY, USA},
}

### condor
@ARTICLE{litzkow1988,
title={Condor-a hunter of idle workstations},
author={Litzkow, M.J. and Livny, M. and Mutka, M.W.},
journal={Distributed Computing Systems, 1988., 8th International Conference on},
year={1988},
month={Jun},
volume={},
number={},
pages={104-111},
keywords={distributed processing, scheduling, workstationsCondor scheduling system, design, idle workstations, implementation, performance, performance profile, workstation environment},
doi={10.1109/DCS.1988.12507},
ISSN={},
}

### jamm
@INPROCEEDINGS{tierney2000,
    author = {Brian Tierney and Brian Crowley and Dan Gunter and Jason Lee and Mary Thompson},
    title = {A Monitoring Sensor Management System for Grid Environments},
    booktitle = {Proceedings of the IEEE High Performance Distributed Computing Conference (HPDC-9)},
    year = {2000},
    pages = {97--104},
}

### diperf
@inproceedings{dumitrescu2004,
 author = {Dumitrescu,, Catalin and Raicu,, Ioan and Ripeanu,, Matei and Foster,, Ian},
 title = {DiPerF: An Automated DIstributed PERformance Testing Framework},
 booktitle = {GRID '04: Proceedings of the 5th IEEE/ACM International Workshop on Grid Computing},
 year = {2004},
 isbn = {0-7695-2256-4},
 pages = {289--296},
 doi = {http://dx.doi.org/10.1109/GRID.2004.21},
 publisher = {IEEE Computer Society},
 address = {Washington, DC, USA},
}

### netlogger
@INPROCEEDINGS{gunter2002,
    author = {Dan Gunter and Brian Tierney and Keith Jackson and Jason Lee and Martin Stoufer},
    title = {Dynamic monitoring of high-performance distributed applications},
    booktitle = {Applications, Proceedings of the 11th IEEE Symposium on High Performance Distributed Computing},
    year = {2002},
    pages = {163--170}
}
@INPROCEEDINGS{tierney1998,
    author = {Brian Tierney and William Johnston and Brian Crowley and Gary Hoo and Chris Brooks and Dan Gunter},
    title = {The NetLogger methodology for high performance distributed systems performance analysis},
    booktitle = {In Proc. 7th IEEE Symp. on High Performance Distributed Computing},
    year = {1998},
    pages = {260--267}
}
@article{gunter2000,
    author = {Dan Gunter and Brian Tierney and Brian Crowley and Mason Holding and Jason Lee},
    title = {NetLogger: A Toolkit for Distributed System Performance Analysis},
    journal ={International Symposium on Modeling, Analysis, and Simulation of Computer Systems},
    volume = {0},
    year = {2000},
    issn = {1526-7539},
    pages = {267},
    doi = {http://doi.ieeecomputersociety.org/10.1109/MASCOT.2000.876548},
    publisher = {IEEE Computer Society},
    address = {Los Alamitos, CA, USA},
}

######################

@ARTICLE{schaller1997,
title={Moore's law: past, present and future},
author={Schaller, R.R.},
journal={Spectrum, IEEE},
year={1997},
month={Jun},
volume={34},
number={6},
pages={52-59},
keywords={consumer electronics, integrated circuit yield, technological forecastingIC complexity, Moore's law, baseline assumption, electronic consumer products, future trends, high-technology products, innovation, policy implications},
doi={10.1109/6.591665},
ISSN={0018-9235}, }

@INPROCEEDINGS{6,
    author = {Adrian Mos},
    title = {A framework for performance monitoring, modelling and prediction of component oriented distributed systems},
    booktitle = {in: Proceedings of the Third International Workshop on Software and Performance (2002)},
    year = {2002},
    pages = {235--236},
    publisher = {ACM Press}
}

@INPROCEEDINGS{7,
    author = {Ehab S. Al-shaer and Hussein Abdel-wahab and Kurt Maly},
    title = {High-performance Monitoring Architecture for Large-scale Distributed Systems Using Event Filtering},
    booktitle = {CSI'97: Third International Conference on Computer Science and Informatics},
    year = {1997},
    pages = {42--46}
}

@INPROCEEDINGS{8,
    author = {P. Dauphin},
    title = {Combining Functional and Performance Debugging of Parallel and Distributed Systems based on Model-driven Monitoring},
    booktitle = {In 2nd Euromicro Workshop on Parallel and Distributed Processing},
    year = {1994},
    pages = {463--470},
    publisher = {IEEE Computer Society Press}
}

@MISC{9,
    author = {Michael D. Rogers},
    title = {PDM: Programmable Monitoring For Distributed Applications},
    year = {}
}

@ARTICLE{10,
    author = {Jeffrey Joyce and Greg Lomow and Konrad Slind and Brian Unger},
    title = {Monitoring distributed systems},
    journal = {ACM Transactions on Computer Systems},
    year = {1987},
    volume = {5},
    pages = {121--150}
}

@inproceedings{16,
 author = {Wybranietz,, D. and Haban,, D.},
 title = {Monitoring and performance measuring distributed systems during operation},
 booktitle = {SIGMETRICS '88: Proceedings of the 1988 ACM SIGMETRICS conference on Measurement and modeling of computer systems},
 year = {1988},
 isbn = {0-89791-254-3},
 pages = {197--206},
 location = {Santa Fe, New Mexico, United States},
 doi = {http://doi.acm.org/10.1145/55595.55618},
 publisher = {ACM},
 address = {New York, NY, USA},
 }

@inproceedings{18,
 author = {Lee,, Craig A. and Stepanek,, James and Wolski,, Rich and Kesselman,, Carl and Foster,, Ian},
 title = {A network performance tool for grid environments},
 booktitle = {Supercomputing '99: Proceedings of the 1999 ACM/IEEE conference on Supercomputing (CDROM)},
 year = {1999},
 isbn = {1-58113-091-0},
 pages = {4},
 location = {Portland, Oregon, United States},
 doi = {http://doi.acm.org/10.1145/331532.331536},
 publisher = {ACM},
 address = {New York, NY, USA},
 }

@article{bully,
 author = {H. Garcia-Molina},
 title = {Elections in a Distributed Computing System},
 journal ={IEEE Transactions on Computers},
 volume = {31},
 number = {1},
 issn = {0018-9340},
 year = {1982},
 pages = {48-59},
 doi = {http://doi.ieeecomputersociety.org/10.1109/TC.1982.1675885},
 publisher = {IEEE Computer Society},
 address = {Los Alamitos, CA, USA},
}

@techreport{pipe-filter,
 author = {Garlan, David and Shaw, Mary},
 title = {An Introduction to Software Architecture},
 year = {1994},
 source = {http://www.ncstrl.org:8900/ncstrl/servlet/search?formname=detail\&id=oai%3Ancstrlh%3Acmucs%3ACMU%2F%2FCS-94-166},
 publisher = {Carnegie Mellon University},
 address = {Pittsburgh, PA, USA},
} 
